@book{iljinov94,
author = {A. S. Iljonov et al.},
title = {Intermediate-Energy Nuclear Physics},
year = {1994},
publisher = {CRC Press}}


@ARTICLE{bertini68,	
AUTHOR = {M. P. Guthrie, R. G. Alsmiller and H. W. Bertini},
TITLE = { },
JOURNAL = {Nucl. Instr. Meth},
VOLUME = {},
NUMBER = {66},
YEAR = {1968},
PAGES = {29}, 
}
		 		  
% INC @ARTICLE{bertini69,
AUTHOR = {H.W.Bertini},
TITLE = {Intranuclear-{C}ascade {C}alculation of the {S}econdary {N}ucleon {S}pectra from {N}ucleon-{N}ucleus 
        {I}nteractions in the {E}nergy {R}ange 340 to 2900 {M}e{V} and {C}omparisons with {E}xperiment},
JOURNAL = {Phys. Rev.},
VOLUME = 188,
YEAR = 1969,
PAGES = 1711 }

@ARTICLE{bertini71,	
AUTHOR = {H. W. Bertini and P. Guthrie},
TITLE = {Results from Medium-Energy Intranuclear-Cascade Calculation},
JOURNAL = {Nucl. Phys.},
VOLUME = {A},
NUMBER = {169},
YEAR = {1971},
PAGES = {},
}